<?xml version="1.0" encoding="UTF-8"?>
  <record xmlns="http://www.loc.gov/MARC21/slim" type="Authority">
    <leader>00000nz  a2200000nc 4500</leader>
    <controlfield tag="001">121123529</controlfield>
    <controlfield tag="003">DE-101</controlfield>
    <controlfield tag="005">20160330144330.0</controlfield>
    <controlfield tag="008">990602n||aznnnaabn           | aaa    |c</controlfield>
    <datafield tag="024" ind1="7" ind2=" ">
      <subfield code="a">121123529</subfield>
      <subfield code="0">http://d-nb.info/gnd/121123529</subfield>
      <subfield code="2">gnd</subfield>
    </datafield>
    <datafield tag="035" ind1=" " ind2=" ">
      <subfield code="a">(DE-101)121123529</subfield>
    </datafield>
    <datafield tag="035" ind1=" " ind2=" ">
      <subfield code="a">(DE-588)121123529</subfield>
    </datafield>
    <datafield tag="035" ind1=" " ind2=" ">
      <subfield code="z">(DE-588a)121123529</subfield>
      <subfield code="9">v:zg</subfield>
    </datafield>
    <datafield tag="040" ind1=" " ind2=" ">
      <subfield code="a">DE-12</subfield>
      <subfield code="c">DE-12</subfield>
      <subfield code="9">r:DE-12</subfield>
      <subfield code="b">ger</subfield>
      <subfield code="d">0547</subfield>
    </datafield>
    <datafield tag="042" ind1=" " ind2=" ">
      <subfield code="a">gnd1</subfield>
    </datafield>
    <datafield tag="075" ind1=" " ind2=" ">
      <subfield code="b">p</subfield>
      <subfield code="2">gndgen</subfield>
    </datafield>
    <datafield tag="075" ind1=" " ind2=" ">
      <subfield code="b">piz</subfield>
      <subfield code="2">gndspec</subfield>
    </datafield>
    <datafield tag="079" ind1=" " ind2=" ">
      <subfield code="a">g</subfield>
      <subfield code="q">a</subfield>
      <subfield code="q">f</subfield>
    </datafield>
    <datafield tag="100" ind1="0" ind2=" ">
      <subfield code="a">Margareta</subfield>
      <subfield code="c">Sachsen-Coburg, Herzogin</subfield>
      <subfield code="d">1573-1643</subfield>
    </datafield>
    <datafield tag="400" ind1="0" ind2=" ">
      <subfield code="a">Margaretha</subfield>
      <subfield code="c">Sachsen-Coburg, Herzogin</subfield>
      <subfield code="d">1573-1643</subfield>
    </datafield>
    <datafield tag="400" ind1="0" ind2=" ">
      <subfield code="a">Margarete</subfield>
      <subfield code="c">Sachsen-Coburg, Herzogin</subfield>
      <subfield code="d">1573-1643</subfield>
    </datafield>
    <datafield tag="400" ind1="0" ind2=" ">
      <subfield code="a">Margarethe</subfield>
      <subfield code="c">Sachsen-Coburg, Herzogin</subfield>
      <subfield code="d">1573-1643</subfield>
    </datafield>
    <datafield tag="400" ind1="0" ind2=" ">
      <subfield code="a">Margareta</subfield>
      <subfield code="c">Sachsen, Herzogin</subfield>
      <subfield code="d">1573-1643</subfield>
    </datafield>
    <datafield tag="400" ind1="0" ind2=" ">
      <subfield code="a">Margarete</subfield>
      <subfield code="c">Sachsen, Herzogin</subfield>
      <subfield code="d">1573-1643</subfield>
    </datafield>
    <datafield tag="400" ind1="0" ind2=" ">
      <subfield code="a">Margareta</subfield>
      <subfield code="c">Braunschweig-Lüneburg, Herzogin</subfield>
      <subfield code="d">1573-1643</subfield>
      <subfield code="4">nafr</subfield>
      <subfield code="4">https://d-nb.info/standards/elementset/gnd#EarlierNameOfThePerson</subfield>
      <subfield code="w">r</subfield>
      <subfield code="i">Frueherer Name</subfield>
      <subfield code="e">Frueherer Name</subfield>
    </datafield>
    <datafield tag="400" ind1="0" ind2=" ">
      <subfield code="a">Margarete</subfield>
      <subfield code="c">Braunschweig-Lüneburg, Herzogin</subfield>
      <subfield code="d">1573-1643</subfield>
    </datafield>
    <datafield tag="400" ind1="0" ind2=" ">
      <subfield code="a">Margaretha</subfield>
      <subfield code="c">Braunschweig-Lüneburg, Herzogin</subfield>
      <subfield code="d">1573-1643</subfield>
    </datafield>
    <datafield tag="400" ind1="0" ind2=" ">
      <subfield code="a">Margarethe</subfield>
      <subfield code="c">Braunschweig-Lüneburg, Herzogin</subfield>
      <subfield code="d">1573-1643</subfield>
    </datafield>
    <datafield tag="400" ind1="0" ind2=" ">
      <subfield code="a">Sibylla</subfield>
      <subfield code="c">Sachsen-Coburg, Herzogin</subfield>
      <subfield code="d">1573-1643</subfield>
      <subfield code="9">v:falsche Namensform</subfield>
    </datafield>
    <datafield tag="400" ind1="0" ind2=" ">
      <subfield code="a">Sibylla</subfield>
      <subfield code="c">Braunschweig-Lüneburg, Herzogin</subfield>
      <subfield code="d">1573-1643</subfield>
      <subfield code="9">v:falsche Namensform</subfield>
    </datafield>
    <datafield tag="500" ind1="0" ind2=" ">
      <subfield code="0">(DE-101)134198158</subfield>
      <subfield code="0">(DE-588)134198158</subfield>
      <subfield code="0">https://d-nb.info/gnd/134198158</subfield>
      <subfield code="a">Wilhelm</subfield>
      <subfield code="c">Braunschweig-Lüneburg, Herzog</subfield>
      <subfield code="d">1535-1592</subfield>
      <subfield code="4">bezf</subfield>
      <subfield code="4">https://d-nb.info/standards/elementset/gnd#familialRelationship</subfield>
      <subfield code="w">r</subfield>
      <subfield code="i">Beziehung familiaer</subfield>
      <subfield code="e">Beziehung familiaer</subfield>
      <subfield code="9">v:Vater</subfield>
    </datafield>
    <datafield tag="500" ind1="0" ind2=" ">
      <subfield code="0">(DE-101)118883151</subfield>
      <subfield code="0">(DE-588)118883151</subfield>
      <subfield code="0">https://d-nb.info/gnd/118883151</subfield>
      <subfield code="a">Johann Casimir</subfield>
      <subfield code="c">Sachsen-Coburg, Herzog</subfield>
      <subfield code="d">1564-1633</subfield>
      <subfield code="4">bezf</subfield>
      <subfield code="4">https://d-nb.info/standards/elementset/gnd#familialRelationship</subfield>
      <subfield code="w">r</subfield>
      <subfield code="i">Beziehung familiaer</subfield>
      <subfield code="e">Beziehung familiaer</subfield>
      <subfield code="9">v:Ehemann</subfield>
    </datafield>
    <datafield tag="548" ind1=" " ind2=" ">
      <subfield code="a">1573-1643</subfield>
      <subfield code="4">datl</subfield>
      <subfield code="4">https://d-nb.info/standards/elementset/gnd#dateOfBirthAndDeath</subfield>
      <subfield code="w">r</subfield>
      <subfield code="i">Lebensdaten</subfield>
    </datafield>
    <datafield tag="667" ind1=" " ind2=" ">
      <subfield code="a">NDSBIO</subfield>
    </datafield>
    <datafield tag="667" ind1=" " ind2=" ">
      <subfield code="a">VD-17</subfield>
    </datafield>
    <datafield tag="678" ind1=" " ind2=" ">
      <subfield code="b">Tochter von Herzog Wilhelm dem Jüngeren von Braunschweig-Lüneburg; ab 1599 2. Ehefrau von Herzog Johann Casimir von Sachsen-Coburg</subfield>
    </datafield>
    <datafield tag="913" ind1=" " ind2=" ">
      <subfield code="S">pnd</subfield>
      <subfield code="i">5</subfield>
      <subfield code="a">Margareta &lt;Sachsen-Coburg, Herzogin&gt;</subfield>
      <subfield code="0">(DE-588a)121123529</subfield>
    </datafield>
  </record>
